@article{knuth84,
  author = {Knuth, Donald E.},
  title = {Literate Programming},
  year = {1984},
  issue_date = {May 1984},
  publisher = {Oxford University Press, Inc.},
  address = {USA},
  volume = {27},
  number = {2},
  issn = {0010-4620},
  url = {https://doi.org/10.1093/comjnl/27.2.97},
  doi = {10.1093/comjnl/27.2.97},
  journal = {Comput. J.},
  month = may,
  pages = {97â€“111},
  numpages = {15}
}



@article{han2025,
	title = {Reconstructing urban vegetation evolution in China using multimodal deep learning and 30-years Landsat archive},
	author = {Han, Yuan and He, Jianhua and Du, Xiaoping and Han, Xiao and Liu, Yaolin},
	year = {2025},
	month = {01},
	date = {2025-01},
	journal = {Urban Forestry & Urban Greening},
	pages = {128582},
	volume = {103},
	doi = {10.1016/j.ufug.2024.128582},
	url = {https://linkinghub.elsevier.com/retrieve/pii/S1618866724003807},
	langid = {en}
}

@article{nivedita2024,
	title = {Plastic debris detection along coastal waters using Sentinel-2 satellite data and machine learning techniques},
	author = {Nivedita, V. and Begum, S. Sabarunisha and Aldehim, Ghadah and Alashjaee, Abdullah M. and Arasi, Munya A. and Sikkandar, Mohamed Yacin and Jayasankar, T. and Vivek, S.},
	year = {2024},
	month = {12},
	date = {2024-12},
	journal = {Marine Pollution Bulletin},
	pages = {117106},
	volume = {209},
	doi = {10.1016/j.marpolbul.2024.117106},
	url = {https://linkinghub.elsevier.com/retrieve/pii/S0025326X2401083X},
	langid = {en}
}

@techreport{nusantar2024,
	title = {Nusantara Sustainable Development GOals (SDGs) Voluntary Local Review Baseline},
	author = {, Nusantara Capital Authority},
	year = {2024},
	date = {2024}
}

@techreport{capitalauthority2024,
	title = {Nusantara Sustainable Development GOals (SDGs) Voluntary Local Review Baseline},
	author = {Capital Authority, Nusantara},
	year = {2024},
	date = {2024}
}

@article{chaussard2013,
	title = {Sinking cities in Indonesia: ALOS PALSAR detects rapid subsidence due to groundwater and gas extraction},
	author = {Chaussard, Estelle and Amelung, Falk and Abidin, Hasanudin and Hong, Sang-Hoon},
	year = {2013},
	month = {01},
	date = {2013-01},
	journal = {Remote Sensing of Environment},
	pages = {150--161},
	volume = {128},
	doi = {10.1016/j.rse.2012.10.015},
	url = {https://linkinghub.elsevier.com/retrieve/pii/S0034425712003975},
	langid = {en}
}

@techreport{/bappenas2021,
	title = {Buku Saku Pemindahan Ibu Kota Negara},
	author = {{/Bappenas}, Kementrian PPN},
	year = {2021},
	month = {07},
	date = {2021-07}
}

@techreport{bappenas2021,
	title = {Buku Saku Pemindahan Ibu Kota Negara},
	author = {Bappenas, Kementrian PPN},
	year = {2021},
	month = {07},
	date = {2021-07}
}

@article{surendra2024,
	title = {Mitigating risks of malaria and other vector-borne diseases in the new capital city of Indonesia},
	author = {Surendra, Henry and Djaafara, Bimandra A. and Prameswari, Helen D. and Supriyanto, Dedy and Waluyo, Ponco and Basuki, Setyo B. and Herdiana, Herdiana and Ndoen, Ermi and Siswanto, Siswanto and Lubis, Inke Nd and Liu, Xiaoyue and Mishra, Swapnil and Fornace, Kimberly M. and Elyazar, Iqbal Rf},
	year = {2024},
	month = {12},
	date = {2024-12-05},
	journal = {Nature Communications},
	pages = {10575},
	volume = {15},
	number = {1},
	doi = {10.1038/s41467-024-54891-x},
	url = {https://www.nature.com/articles/s41467-024-54891-x},
	langid = {en}
}

@article{wimberly2021,
	title = {Satellite Observations and Malaria: New Opportunities for Research and Applications},
	author = {Wimberly, Michael C. and de Beurs, Kirsten M. and Loboda, Tatiana V. and Pan, William K.},
	year = {2021},
	month = {06},
	date = {2021-06},
	journal = {Trends in parasitology},
	pages = {525--537},
	volume = {37},
	number = {6},
	doi = {10.1016/j.pt.2021.03.003},
	url = {https://www.ncbi.nlm.nih.gov/pmc/articles/PMC8122067/},
	note = {PMID: 33775559
PMCID: PMC8122067}
}

@techreport{ministryofhealth2023,
	title = {National Action Plan for Acceleration of Malaria Elimination 2020-2026  (Revision)},
	author = {Ministry of Health, Directorate General of Disease Prevention and Control},
	year = {2023},
	date = {2023},
	url = {https://malaria.kemkes.go.id/sites/default/files/2024-08/National%20Strategic%20Plan%20Revision_Malaria_29%20Mei%202023.pdf}
}

@article{wimberly2021a,
	title = {Satellite Observations and Malaria: New Opportunities for Research and Applications},
	author = {Wimberly, Michael C. and de Beurs, Kirsten M. and Loboda, Tatiana V. and Pan, William K.},
	year = {2021},
	month = {06},
	date = {2021-06},
	journal = {Trends in parasitology},
	pages = {525--537},
	volume = {37},
	number = {6},
	doi = {10.1016/j.pt.2021.03.003},
	url = {https://www.ncbi.nlm.nih.gov/pmc/articles/PMC8122067/},
	note = {PMID: 33775559
PMCID: PMC8122067}
}

@article{naserrudin2023,
	title = {Seeing malaria through the eyes of affected communities: using photovoice to document local knowledge on zoonotic malaria causation and prevention practices among rural communities exposed to Plasmodium knowlesi malaria in Northern Borneo Island},
	author = {Naserrudin, Nurul Athirah and Yong, Pauline Pau Lin and Monroe, April and Culleton, Richard and Baumann, Sara Elizabeth and Sato, Shigeharu and Hod, Rozita and Jeffree, Mohammad Saffree and Ahmed, Kamruddin and Hassan, Mohd Rohaizat},
	year = {2023},
	month = {05},
	date = {2023-05-26},
	journal = {Malaria Journal},
	pages = {166},
	volume = {22},
	number = {1},
	doi = {10.1186/s12936-023-04603-5},
	url = {https://doi.org/10.1186/s12936-023-04603-5}
}

@techreport{who2021,
	title = {Global technical strategy for malaria 2016{\textendash}2030, 2021 update},
	author = {WHO, World Health Organization},
	year = {2021},
	date = {2021}
}
